%% This BibTeX bibliography file was created using BibDesk.
%% http://bibdesk.sourceforge.net/

%% Created for Johnny at 2018-02-21 12:23:14 +0000 


%% Saved with string encoding Unicode (UTF-8) 



@article{couder,
	Author = {Yves Couder and Suzie Proti{\`e}re and Emmanuel Fort, and Arezki Boudaoud},
	Doi = {10.1038/437208a},
	Journal = {Nature},
	Pages = {208},
	Title = {Dynamical phenomena: Walking and orbiting droplets},
	Volume = {437},
	Year = {2005},
	Bdsk-Url-1 = {https://dx.doi.org/10.1038/437208a}}

@article{Walker,
	Author = {Jearl Walker},
	Doi = {10.1038/437208a},
	Journal = {Scientific American},
	Pages = {151-159},
	Title = {THE AMATEUR SCIENTIST: Drops of liquid can be made to float on the liquid. What enables them to do so?},
	Volume = {238},
	Year = {1978},
	Bdsk-Url-1 = {https://dx.doi.org/10.1038/437208a}}

@article{brady2014bouncing,
	Author = {Brady, Robert and Anderson, Ross},
	Journal = {arXiv preprint arXiv:1401.4356},
	Title = {Why bouncing droplets are a pretty good model of quantum mechanics},
	Year = {2014}}

@webpage{waveanimation,
	Date-Modified = {2018-02-21 12:23:03 +0000},
	Journal = {The Beginner Programmer},
	Lastchecked = {21/2/18},
	Month = {7},
	Title = {The wave equation},
	Url = {http://firsttimeprogrammer.blogspot.co.uk/2015/07/the-wave-equation-2d-and-3d.html},
	Year = {2015},
	Bdsk-Url-1 = {http://firsttimeprogrammer.blogspot.co.uk/2015/07/the-wave-equation-2d-and-3d.html}}
